
@misc{luaorg,
  author       = {Ronald Garcia},
  title        = {the programming language lua website},
  howpublished = { \url{https://www.lua.org/}}
}
