
@misc{ABNF,
  author = {ietf},
  title = {Augmented BNF for Syntax Specifications},
  howpublished = { \url{https://www.ietf.org/rfc/rfc5234.txt}}
}

@misc{TPPP,
  author = {unknown},
  title = {The principal programming paradigms},
  howpublished = { \url{https://www.info.ucl.ac.be/~pvr/paradigmsDIAGRAMeng108.pdf}}
}
