
@book{EdgeFunction,
  title={A Parallel Algorithm for Polygon Rasterization},
  author={Juan, Pineda},
  publisher={Siggraph},
  pages={234-241},
  year={1998},
}

@misc{RAPI,
  author = {Scratchapixel 2.0},
  title = {Rasterization, A Practical Implementation},
  howpublished = { 
    \url{https://www.scratchapixel.com/lessons/3d-basic-rendering/rasterization-practical-implementation/overview-rasterization-algorithm}
  }
}

@misc{Renderer,
  author = {zauonlock},
  title = {This is a shader-based software renderer written from scratch in C89 with
minimal dependencies, available for Windows, macOS, and Linux},
  howpublished = { 
    \url{https://github.com/zauonlok/renderer}
  }
}



@article{name1, 
author = {作者, 多个作者用 and 连接}, 
title = {标题}, 
journal = {期刊名}, 
volume = {卷20}, 
number = {页码}, 
year = {年份}, 
abstract = {摘要, 这个主要是引用的时候自己参考的, 这一行不是必须的} 
}

@book{name2, 
author = {作者}, 
year= {2008}, 
title= {书名}, 
publisher = {出版社名称}
}


@book{Ronneberger2015U,
  title={U-Net: Convolutional Networks for Biomedical Image Segmentation},
  author={Ronneberger, Olaf and Fischer, Philipp and Brox, Thomas},
  publisher={Springer International Publishing},
  pages={234-241},
  year={2015},
}

@book{FoCG2Ed,
  title={Fundamentals of Computer Graphics, Second Ed},
  author={Peter Shirley, Michael Ashikhmin, Michael Gleicher},
  publisher={ A K Peters Ltd},
  pages={623},
  year={2005-07},
}

@misc{Trackball,
  author = {khronos},
  title = {Object Mouse Trackball},
  howpublished = { \url{https://www.khronos.org/opengl/wiki/Object_Mouse_Trackball}}
}
